
@online{dictionary,
	author = {Ефремова, Т.Ф.},
	title = {Список существительных русского языка},
	url = "http://blog.harrix.org/article/3334",
	urldate   = {2017-01-14},
}
